<record><leader>01408cam a2200409 a 4500</leader><controlfield tag="001">6815395</controlfield><controlfield tag="003">OCoLC</controlfield><controlfield tag="005">20150219143457.0</controlfield><controlfield tag="008">130122t20152015enkabf   b    001 0 eng d</controlfield><datafield ind1=" " ind2=" " tag="015"><subfield code="a">GBB308776</subfield><subfield code="2">bnb</subfield></datafield><datafield ind1="7" ind2=" " tag="016"><subfield code="a">016261975</subfield><subfield code="2">Uk</subfield></datafield><datafield ind1=" " ind2=" " tag="020"><subfield code="a">9781848544949 (hbk.)</subfield></datafield><datafield ind1=" " ind2=" " tag="020"><subfield code="a">1848544944 (hbk.)</subfield></datafield><datafield ind1=" " ind2=" " tag="020"><subfield code="a">9781848544956 (trade pbk.)</subfield></datafield><datafield ind1=" " ind2=" " tag="020"><subfield code="a">1848544952 (trade pbk.)</subfield></datafield><datafield ind1=" " ind2=" " tag="035"><subfield code="a">ocn826659822</subfield></datafield><datafield ind1=" " ind2=" " tag="040"><subfield code="a">UKMGB</subfield><subfield code="b">eng</subfield><subfield code="c">UKMGB</subfield><subfield code="d">OCLCO</subfield><subfield code="d">UAB</subfield><subfield code="d">AEU</subfield></datafield><datafield ind1=" " ind2=" " tag="043"><subfield code="a">e------</subfield></datafield><datafield ind1=" " ind2="4" tag="050"><subfield code="a">D755.8</subfield><subfield code="b">.J66 2015</subfield></datafield><datafield ind1="0" ind2="4" tag="082"><subfield code="a">940.53</subfield><subfield code="2">23</subfield></datafield><datafield ind1=" " ind2=" " tag="090"><subfield code="a">D 755.8 J66 2015</subfield><subfield code="b">AEU</subfield></datafield><datafield ind1="1" ind2=" " tag="100"><subfield code="a">Jones, Michael K.,</subfield><subfield code="e">author.</subfield></datafield><datafield ind1="1" ind2="0" tag="245"><subfield code="a">After Hitler :</subfield><subfield code="b">the last days of the Second World War in Europe /</subfield><subfield code="c">Michael Jones.</subfield></datafield><datafield ind1=" " ind2="1" tag="264"><subfield code="a">London :</subfield><subfield code="b">John Murray,</subfield><subfield code="c">2015.</subfield></datafield><datafield ind1=" " ind2="4" tag="264"><subfield code="c">&#169;2015</subfield></datafield><datafield ind1=" " ind2=" " tag="300"><subfield code="a">xxviii, 372 p., [16] p. of plates :</subfield><subfield code="b">ill., maps ;</subfield><subfield code="c">25 cm.</subfield></datafield><datafield ind1=" " ind2=" " tag="336"><subfield code="a">text</subfield><subfield code="2">rdacontent</subfield></datafield><datafield ind1=" " ind2=" " tag="337"><subfield code="a">unmediated</subfield><subfield code="2">rdamedia</subfield></datafield><datafield ind1=" " ind2=" " tag="338"><subfield code="a">volume</subfield><subfield code="2">rdacarrier</subfield></datafield><datafield ind1=" " ind2=" " tag="504"><subfield code="a">Includes bibliographical references and index.</subfield></datafield><datafield ind1=" " ind2=" " tag="596"><subfield code="a">43</subfield></datafield><datafield ind1=" " ind2="0" tag="650"><subfield code="a">World War, 1939-1945</subfield><subfield code="z">Europe</subfield><subfield code="x">End.</subfield></datafield><datafield ind1=" " ind2="0" tag="650"><subfield code="a">World War, 1939-1945</subfield><subfield code="x">Diplomatic history.</subfield></datafield><datafield ind1=" " ind2="0" tag="650"><subfield code="a">World War, 1939-1945</subfield><subfield code="x">Social aspects.</subfield></datafield><datafield ind1=" " ind2="0" tag="650"><subfield code="a">World War, 1939-1945</subfield><subfield code="x">Atrocities.</subfield></datafield><datafield ind1=" " ind2=" " tag="949"><subfield code="a">D 755.8 J66 2015</subfield><subfield code="h">UAHS-B</subfield><subfield code="i">0162035245388</subfield></datafield><datafield ind1=" " ind2=" " tag="926"><subfield code="a">D 755.8 J66 2015</subfield><subfield code="w">LC</subfield><subfield code="c">1</subfield><subfield code="i">0162035245388</subfield><subfield code="l">ON_SHELF</subfield><subfield code="m">UAHSS</subfield><subfield code="p">$150.00</subfield><subfield code="r">Y</subfield><subfield code="s">Y</subfield><subfield code="t">BOOK</subfield><subfield code="u">3/4/2015</subfield></datafield></record>